<record><leader>00000cas a22000007a 4500</leader><controlfield tag="001">20818463</controlfield><controlfield tag="008">891226d18791889nduwr ne      0    0eng d</controlfield><datafield ind1=" " ind2=" " tag="010"><subfield code="a">sn 89074439 </subfield></datafield><datafield ind1=" " ind2=" " tag="040"><subfield code="a">NOP</subfield><subfield code="b">eng</subfield><subfield code="c">NOP</subfield><subfield code="d">OCLCQ</subfield></datafield><datafield ind1=" " ind2=" " tag="042"><subfield code="a">msc</subfield></datafield><datafield ind1="0" ind2=" " tag="130"><subfield code="a">Buffalo herald (Tower City, N.D.)</subfield></datafield><datafield ind1="1" ind2="4" tag="245"><subfield code="a">The Buffalo herald.</subfield></datafield><datafield ind1=" " ind2=" " tag="260"><subfield code="a">Tower City and Buffalo, Dakota [N.D.] :</subfield><subfield code="b">F.M. Cornell</subfield></datafield><datafield ind1=" " ind2=" " tag="300"><subfield code="a">v. :</subfield><subfield code="b">ill. ;</subfield><subfield code="c">48-65 cm.</subfield></datafield><datafield ind1=" " ind2=" " tag="310"><subfield code="a">Weekly</subfield></datafield><datafield ind1="1" ind2=" " tag="362"><subfield code="a">Began in July 1879; ceased July 14, 1889?</subfield></datafield><datafield ind1=" " ind2=" " tag="500"><subfield code="a">Official paper: Village and County, 1887-1888; County, 1889.</subfield></datafield><datafield ind1=" " ind2=" " tag="500"><subfield code="a">Issues for July 10-Aug. 7, 1885 list Tower City, Buffalo and Oriska on masthead.</subfield></datafield><datafield ind1=" " ind2=" " tag="500"><subfield code="a">Starting with June 25, 1886 issue only Buffalo listed on masthead.</subfield></datafield><datafield ind1=" " ind2=" " tag="515"><subfield code="a">Issue for Apr. 2, 1886 also called Whole No. 279. Double numbering continues throughout.</subfield></datafield><datafield ind1=" " ind2=" " tag="530"><subfield code="a">Available on microfilm from the State Historical Society of North Dakota.</subfield></datafield><datafield ind1=" " ind2=" " tag="588"><subfield code="a">Description based on: Vol. 6, no. 14 (May 22, 1885).</subfield></datafield><datafield ind1=" " ind2=" " tag="752"><subfield code="a">United States</subfield><subfield code="b">North Dakota</subfield><subfield code="c">Cass</subfield><subfield code="d">Buffalo.</subfield></datafield><datafield ind1=" " ind2=" " tag="752"><subfield code="a">United States</subfield><subfield code="b">North Dakota</subfield><subfield code="c">Cass</subfield><subfield code="d">Tower City.</subfield></datafield><datafield ind1=" " ind2=" " tag="752"><subfield code="a">United States</subfield><subfield code="b">North Dakota</subfield><subfield code="c">Cass</subfield><subfield code="d">Oriska.</subfield></datafield></record>